<?xml version="1.0" encoding="UTF-8"?><collection xmlns="http://www.loc.gov/MARC21/slim"><record><leader>00547nam--2200193-u-4500</leader><controlfield tag="001">000055003</controlfield><controlfield tag="002">20161230</controlfield><controlfield tag="005">20161230201051</controlfield><controlfield tag="008">120718s1000------------r-----000-0-rus-d</controlfield><datafield ind1=" " ind2=" " tag="040"><subfield code="a">IFIN-HH</subfield></datafield><datafield ind1=" " ind2=" " tag="041"><subfield code="a">rus</subfield></datafield><datafield ind1=" " ind2=" " tag="080"><subfield code="a">538.9</subfield></datafield><datafield ind1="1" ind2=" " tag="100"><subfield code="a">Kittel, Charles</subfield></datafield><datafield ind1="1" ind2="0" tag="245"><subfield code="a">Vvedenie v fiziku tverdogo tela</subfield><subfield code="c">Charles kittel</subfield></datafield><datafield ind1=" " ind2=" " tag="260"><subfield code="a">Moakva</subfield><subfield code="b">Fiziko-matematiceskoi Literaturi</subfield><subfield code="c">1963</subfield></datafield><datafield ind1=" " ind2=" " tag="300"><subfield code="a">696P</subfield></datafield><datafield ind1=" " ind2=" " tag="500"><subfield code="a">Titlil Original In Limba Engleza: Introduction To Solid State Physics</subfield></datafield><datafield ind1=" " ind2=" " tag="852"><subfield code="a">8750</subfield><subfield code="c">539.2</subfield></datafield><datafield ind1=" " ind2=" " tag="CAT"><subfield code="a">Sys</subfield><subfield code="c">20120718</subfield><subfield code="h">161148</subfield></datafield></record></collection>